@phdthesis{these_weiss,
  author = "Stéphane Weiss",
  title = "{E}dition collaborative massive sur réseaux Pair-à-Pair",
  school = "Université Henri Pointcaré -- Nancy",
  year = "2010"
}
@misc{server_sent_html5_rocks,
  author = "Eric Bidelman",
  title = "{S}tream {U}pdates {W}ith {S}erver-{S}ent {E}vents",
  howpublished = "www.html5rocks.com/en/tutorials/eventsource/basics/",
  month = "November",
  year = "2010"
}
@manual{manual_maven,
  organization = "Apache",
  title = "Maven Documentation"
}
@unpublished{gossip,
  author = "Yann Busnel",
  title = "{S}tructuring {O}verlays {W}ith {G}ossip"
}
@misc{websocket_spec,
  author = "Ian Hickson",
  title = "The WebSocket API",
  howpublished = "http://dev.w3.org/html5/websockets/",
  month = "March",
  year = "2012"
}
@misc{server_sent_spec,
  author = "Ian Hickson",
  title = "Server-Sent Events",
  howpublished = "http://dev.w3.org/html5/eventsource/",
  month = "March",
  year = "2012"
}
